@unpublished{almond2011,
  title = {{{ACED}}: {{An Example}} of {{Using Bayesian Networks}} for {{Cognitive Diagnosis}}},
  author = {Almond, R. G. and Shute, V. J.},
  year = {2011},
  month = may,
  keywords = {2011Papers,Presentations}
}

@incollection{almond2019a,
  title = {Bayesian {{Networks}}},
  booktitle = {Handbook of {{Diagnostic}} Classification Models.},
  author = {Almond, R. G. and {Zapata-Rivera}, D.},
  editor = {{von Davier}, Matthias and Lee, Young Sun},
  year = {2019},
  pages = {81--106},
  publisher = {{Springer}},
  doi = {10.1007/978-3-030-05584-4_4}
}

@book{bninea,
  title = {Bayesian {{Networks}} in {{Educational Assessment}}},
  author = {Almond, Russell G. and Mislevy, Robert J. and Steinberg, Linda S. and Williamson, David M. and Yan, Duanli},
  year = {2015},
  series = {Statistics for {{Social}} and {{Behavioral Sciences}}},
  publisher = {{Springer}},
  isbn = {978-1-4939-2125-6},
  keywords = {2015Papers,Books,Recent}
}

@article{box1976,
  title = {Science and {{Statistics}}},
  author = {Box, G. E. P.},
  year = {1976},
  journal = {JASA},
  volume = {71},
  pages = {791--799}
}

@manual{DescTools,
  type = {Manual},
  title = {{{DescTools}}: {{Tools}} for Descriptive Statistics},
  author = {Signorell, Andri},
  year = {2023}
}

@article{FatHog,
  title = {An Assessment for Learning System Called {{ACED}}: {{Designing}} for Learning Effectiveness and Accessibility},
  author = {Shute, Valerie J and Hansen, Eric G and Almond, Russell G},
  year = {2007},
  journal = {ETS Research Report Series},
  volume = {2007},
  number = {2},
  publisher = {{Wiley Online Library}}
}

@article{fatHog,
  title = {You {{Can}}'t {{Fatten A Hog}} by {{Weighing It}} - {{Or Can You}}? {{Evaluating}} an {{Assessment}} for {{Learning System Called ACED}}},
  author = {Shute, Valerie J. and Hansen, Eric G. and Almond, Russell G.},
  year = {2008},
  journal = {International Journal of Artificial Intelligence in Education},
  volume = {18},
  number = {4},
  pages = {289--316},
  keywords = {2008Papers,ACED,Articles}
}

@book{friendly2016,
  title = {Discrete {{Data Analysis}} with {{R}}},
  author = {Friendly, Michael and Meyer, David},
  year = {2016},
  publisher = {{CRC Press}},
  isbn = {978-1-4987-2583-5}
}

@article{hintze1998,
  title = {Violin {{Plots}}: {{A Box Plot-Density Trace Synergism}}},
  author = {Hintze, Jerry L. and Nelson, Ray D.},
  year = {1998},
  journal = {The American Statistician},
  volume = {52},
  number = {2},
  pages = {181--184}
}

@book{lattice,
  title = {Lattice: {{Multivariate}} Data Visualization with {{R}}},
  author = {Sarkar, Deepayan},
  year = {2008},
  publisher = {{Springer}},
  address = {{New York}},
  isbn = {978-0-387-75968-5}
}

@book{pinheiro2007,
  title = {Nlme: {{Linear}} and {{Nonlinear Mixed Effects Models}}},
  author = {Pinheiro, Jose and Bates, Douglas and DebRoy, Saikat and Sarkar, Deepayan and {team}, the R. Core},
  year = {2007}
}

@book{r4ds2e,
  title = {R for {{Data Science}} (2e)},
  author = {Wickham, Hadley and {Cetinkaya-Rundel}, Mine and Grolemund, Garrett},
  year = {2023},
  publisher = {{O'Reilly Media, Inc.}},
  urldate = {2023-07-28},
  isbn = {978-1-4920-9740-2},
  file = {/home/ralmond/Zotero/storage/BCCJR9UX/r4ds.hadley.nz.html}
}

@article{shute2006,
  title = {{{DESIGNING ADAPTIVE}}, {{DIAGNOSTIC MATH ASSESSMENTS FOR INDIVIDUALS WITH AND WITHOUT VISUAL DISABILITIES}}},
  author = {Shute, Valerie J. and Graf, Edith Aurora and Hansen, Eric G.},
  year = {2006},
  journal = {ETS Research Report Series},
  volume = {2006},
  number = {1},
  pages = {i--37},
  issn = {2330-8516},
  doi = {10.1002/j.2333-8504.2006.tb02007.x}
}

@incollection{shute2007,
  title = {Evaluating {{ACED}}: {{The Impact}} of {{Feedback}} and {{Adaptivity}} on {{Learning}}},
  booktitle = {Intelligence in {{Education}}: {{Building Technology Rich Learning Contexts}} That {{Work}}},
  author = {Shute, V. J. and Hansen, E. G. and Almond, R. G.},
  editor = {Luckin, R. and Koedinger, K. R. and Greer, J.},
  year = {2007},
  pages = {230--237},
  publisher = {{IOS Press}},
  chapter = {8},
  keywords = {ACED,Collection}
}

@inproceedings{shute2007a,
  title = {Evaluation of {{ACED}}: {{The}} Impact of Feedback and Adaptivity on Learning.},
  booktitle = {Artificial {{Intelligence}} in Education\textemdash{{Building}} Technology Rich Learning Contexts That Work},
  author = {Shute, V. J. and Hansen, E. G. and Almond, R. G.},
  editor = {Luckin, R. and Koedinger, K. and Greer, J.},
  year = {2007},
  pages = {230--237},
  keywords = {2007Papers,ACED,Presentations,Proceedings}
}

@techreport{shute2007b,
  type = {Research {{Report}}},
  title = {An {{Assessment}} for {{Learning System Called ACED}}: {{The Impact}} of {{Feedback}} and {{Adaptivity}} on {{Learning}}.},
  author = {Shute, V. J. and Hansen, E. G. and Almond, R. G.},
  year = {2007},
  number = {RR-07-26},
  institution = {{ETS}},
  keywords = {2007Papers,ACED,Draft,ETS,TechReports}
}

@book{vcd,
  title = {Vcd: {{Visualizing Categorical Data}}},
  author = {Meyer, David and Zeileis, Achim and Hornik, Kurt},
  year = {2007}
}

@book{vcdExtra,
  title = {{{vcdExtra}}: 'vcd' {{Extensions}} and {{Additions}}},
  author = {Friendly, Michael},
  year = {2022}
}

@article{wilkinson1973,
  title = {Symbolic {{Description}} of {{Factorial Models}} for {{Analysis}} of {{Variance}}},
  author = {Wilkinson, G. N. and Rogers, C. E.},
  year = {1973},
  journal = {Applied Statistics},
  volume = {22},
  pages = {392--399}
}
